
@article{Association2012World,
  title={World Steel in Figures 2012},
  author={Association, World Steel},
  year={2012},
}

@article{Jia1994SIMULATING,
  title={SIMULATING NDT ON LINE OF SURFACE DEFECT OF HOT SLABS AT TEMPERATURE OVER 1100℃},
  author={Jia, Huiming and Fan, Hong and Zhang, Ke and Qin, Yizhong and Zhang, Jiayi},
  journal={Journal of Iron \& Steel Research},
  year={1994},
}

@article{Zhang2005NEW,
  title={NEW APPLICATIONS OF EDDY CURRENT TESTING TECHNIQUE IN IRON AND STEEL INDUSTRY},
  author={Zhang, Qingjun and Ni, Shibin},
  journal={Metallurgical Information Review},
  year={2005},
}

@article{Landstrom2012Morphology,
  title={Morphology-Based Crack Detection for Steel Slabs},
  author={Landstrom, Anders and Thurley, Matthew J.},
  journal={IEEE Journal of Selected Topics in Signal Processing},
  volume={6},
  number={7},
  pages={866-875},
  year={2012},
}

@article{Zhao2014Defect,
  title={Defect detection in slab surface: A novel dual charge-coupled device imaging-based fuzzy connectedness strategy},
  author={Zhao, Liming and Ouyang, Qi and Chen, Dengfu and Udupa, Jayaram K},
  journal={Review of Scientific Instruments},
  volume={85},
  number={11},
  pages={115004},
  year={2014},
}

@inproceedings{Boykov2001Interactive,
  title={Interactive graph cuts for optimal boundary \& region segmentation of objects in N-D images},
  author={Boykov, Y. Y and Jolly, M. P},
  booktitle={Computer Vision, 2001. ICCV 2001. Proceedings. Eighth IEEE International Conference on},
  pages={105-112 vol.1},
  year={2001},
}

@article{Boykov2001Fast,
  title={Fast Approximate Energy Minimization via Graph Cuts},
  author={Boykov, Yuri and Veksler, Olga and Zabih, Ramin},
  journal={Pattern Analysis \& Machine Intelligence IEEE Transactions on},
  volume={23},
  number={11},
  pages={1222-1239},
  year={2001},
}

@article{Grady2006Random,
  title={Random Walks for Image Segmentation},
  author={Grady, L},
  journal={IEEE Transactions on Pattern Analysis \& Machine Intelligence},
  volume={28},
  number={11},
  pages={1768-83},
  year={2006},
}

@article{Lankton2009Sparse,
  title={Sparse Field Methods -Technical Report},
  author={Lankton, Shawn},
  year={2009},
}

@article{Udupa2014Body,
  title={Body-wide hierarchical fuzzy modeling, recognition, and delineation of anatomy in medical images},
  author={Udupa, Jayaram K. and Odhner, Dewey and Zhao, Liming and Tong, Yubing and Matsumoto, Monica M. S. and Ciesielski, Krzysztof C. and Falcao, Alexandre X. and Vaideeswaran, Pavithra and Ciesielski, Victoria and Saboury, Babak},
  journal={Medical Image Analysis},
  volume={18},
  number={5},
  pages={752-771},
  year={2014},
}

@article{Udupa1996Disclaimer,
  title={Disclaimer: "Relative fuzzy connectedness and object definition: theory, algorithms, and applications in image segmentation"},
  author={Udupa, J. K and Saha, P. K and Lotufo, R. A},
  journal={Pattern Analysis \& Machine Intelligence IEEE Transactions on},
  volume={24},
  number={11},
  pages={1485-1500},
  year={1996},
}


@article{Chan2001Active,
  title={Active contours without edges},
  author={Chan, Tony F and Vese, Luminita A},
  journal={IEEE Transactions on Image Processing A Publication of the IEEE Signal Processing Society},
  volume={10},
  number={2},
  pages={266-77},
  year={2001},
}

@inproceedings{Holzer2012Adaptive,
  title={Adaptive neighborhood selection for real-time surface normal estimation from organized point cloud data using integral images},
  author={Holzer, S and Rusu, R. B and Dixon, M and Gedikli, S},
  booktitle={Ieee/rsj International Conference on Intelligent Robots and Systems},
  pages={2684-2689},
  year={2012},
}

@article{Canny1986A,
  title={A Computational Approach to Edge Detection},
  author={Canny, John},
  journal={IEEE Transactions on Pattern Analysis \& Machine Intelligence},
  volume={8},
  number={6},
  pages={679-98},
  year={1986},
}


@article{Wu2000MACHINE,
  title={MACHINE VISION TECHNOLOGY AND NONDESTRUCTIVE DETECTION OF THE SURFACE DEFECTS IN STRIP STEEL},
  author={Wu, Pingchuan},
  journal={Nonde Structive Testing},
  year={2000},
}


@article{Carisetti1998iLearn,
  title={iLearn self-learning defect classifier},
  author={Carisetti, Chris A. and Fong, Theodore Y. and Fromm, Charles},
  journal={Iron \& Steel Engineer},
  year={1998},
}

@article{Itti1998A,
  title={A Model of Saliency-Based Visual Attention for Rapid Scene Analysis},
  author={Itti, Laurent and Koch, Christof and Niebur, Ernst},
  journal={IEEE Transactions on Pattern \& Analysis Machine Intelligence},
  volume={20},
  number={11},
  pages={1254-1259},
  year={1998},
}

@inproceedings{Zhai2006Visual,
  title={Visual attention detection in video sequences using spatiotemporal cues},
  author={Zhai, Yun and Shah, Mubarak},
  booktitle={ACM International Conference on Multimedia, Santa Barbara, Ca, Usa, October},
  pages={815-824},
  year={2006},
}

@inproceedings{Cheng2011Global,
  title={Global contrast based salient region detection},
  author={Cheng, Ming Ming and Zhang, Guo Xin and Mitra, N. J and Huang, Xiaolei},
  booktitle={IEEE Conference on Computer Vision and Pattern Recognition},
  pages={409-416},
  year={2011},
}

@inproceedings{Achanta2008Salient,
  title={Salient Region Detection and Segmentation},
  author={Achanta, Radhakrishna and Estrada, Francisco and Wils, Patricia and Süsstrunk, Sabine},
  booktitle={International Conference on Computer Vision Systems},
  pages={66-75},
  year={2008},
}

@inproceedings{Achanta2009Frequency,
  title={Frequency-tuned salient region detection},
  author={Achanta, Radhakrishna and Hemami, Sheila and Estrada, Francisco and Susstrunk, Sabine},
  booktitle={Computer Vision and Pattern Recognition, 2009. CVPR 2009. IEEE Conference on},
  pages={1597-1604},
  year={2009},
}

@article{Helifa2006Detection,
  title={Detection and measurement of surface cracks in ferromagnetic materials using eddy current testing},
  author={Helifa, B. and Oulhadj, A. and Benbelghit, A. and Lefkaier, I. K. and Boubenider, F. and Boutassouna, D.},
  journal={Ndt \& E International},
  volume={39},
  number={5},
  pages={384-390},
  year={2006},
}

@article{Vascotto1996High,
  title={High speed surface defect identification on steel strip},
  author={Vascotto, Marco},
  year={1996},
 abstract={Abstract A special powerful fibre-optic based lighting system, high resolution CCD line scan cameras and high speed processing enables defects less than 1 mm in size to be detected and classified at full line speeds, on dull (pickled) and bright metal surfaces.},
}

@article{Ooka1988Detection,
  title={Detection of surface flaw by infrared radiation sensor},
  author={Ooka, Norikazu},
  year={1988},
 abstract={no abstracts in English},
}


@article{Jeon2014Defect,
  title={Defect detection for corner cracks in steel billets using a wavelet reconstruction method.},
  author={Jeon, Y. J. and Choi, D. C. and Lee, S. J. and Yun, J. P. and Kim, S. W.},
  journal={Journal of the Optical Society of America A Optics Image Science \& Vision},
  volume={31},
  number={2},
  pages={227-37},
  year={2014},
}


@book{Gonzalez2010Digital,
  title={Digital Image Processing},
  author={Gonzalez, Rafael C and Woods, Richard E},
  publisher={Publishing House of Electronics Industry},
  pages={484 - 486},
  year={2010},
}

@article{Heath1998Comparison,
  title={Comparison of edge detectors: a methodology and initial study},
  author={Heath, Mike and Sarkar, Sudeep and Sanocki, Thomas and Bowyer, Kevin},
  journal={Computer Vision \& Image Understanding},
  volume={69},
  number={1},
  pages={38-54},
  year={1998},
}


@article{Wilkinson2009Mathematical,
  title={Mathematical Morphology and Its Application to Signal and Image Processing: 9th International Symposium on Mathematical Morphology, ISMM 2009 Groningen, ... Vision, Pattern Recognition, and Graphics},
  author={Wilkinson, Michael H. F and Roerdink, Jos B. T. M},
  volume={128},
  number={2},
  pages={244–246},
  year={2009},
}

@article{Zhang2014Continuous,
  title={Continuous casting slab surface crack depth measurement using sinusoidal phase grating method},
  author={Zhang, X. L. and Ouyang, Q. and Peng, S. and Zhao, L. M.},
  journal={Ironmaking \& Steelmaking},
  volume={41},
  number={5},
  pages={387-393},
  year={2014},
}

@phdthesis{周超2013基于图像处理的钢板表面缺陷检测系统的研究,
  title={基于图像处理的钢板表面缺陷检测系统的研究},
  author={周超},
  school={辽宁工业大学},
  year={2013},
}

@article{胡学雄2004涡流检测技术在宝钢热轧轧辊上的应用,
  title={涡流检测技术在宝钢热轧轧辊上的应用},
  author={胡学雄 and 陶军 and 黎润民 and 董小明},
  journal={轧钢},
  volume={21},
  number={5},
  pages={65-67},
  year={2004},
}


@article{吴平川2000机器视觉与钢板表面缺陷的无损检测,
  title={机器视觉与钢板表面缺陷的无损检测},
  author={吴平川 and 路同浚 and 王炎},
  journal={无损检测},
  volume={22},
  number={1},
  pages={13-16},
  year={2000},
}


@article{徐科2002冷轧带钢表面缺陷在线监测系统,
  title={冷轧带钢表面缺陷在线监测系统},
  author={徐科 and 徐金梧 and 陈雨来},
  journal={北京科技大学学报},
  volume={24},
  number={3},
  pages={000329-332},
  year={2002},
}

@phdthesis{王阿力2014基于数字图像处理的表面缺损检测研究,
  title={基于数字图像处理的表面缺损检测研究},
  author={王阿力},
  school={哈尔滨工业大学},
  year={2014},
}

@article{贾慧明19941100,
  title={1100℃以上高温连铸板坯表面缺陷的模拟在线无损检测},
  author={贾慧明 and 范弘 and 张克 and 秦义忠 and 张嘉懿},
  journal={钢铁研究学报},
  number={1},
  pages={81-86},
  year={1994},
}

@article{张庆军2005涡流检测技术在钢铁工业中的新应用,
  title={涡流检测技术在钢铁工业中的新应用},
  author={张庆军 and 倪世彬},
  journal={华中农业大学学报:社科},
  number={2},
  pages={40-42},
  year={2005},
}


@article{欧阳奇2007高温连铸坯表面缺陷的机器视觉无损检测,
  title={高温连铸坯表面缺陷的机器视觉无损检测},
  author={欧阳奇 and 张兴兰 and 陈登福 and 张涛 and 肖建平},
  journal={重庆大学学报},
  volume={30},
  number={11},
  pages={27-31},
  year={2007},
}


@article{王志成2009钢板表面缺陷检测系统的设计与实现,
  title={钢板表面缺陷检测系统的设计与实现},
  author={王志成 and 吴壮志 and 冯路 and 唐发根},
  journal={计算机工程与科学},
  volume={31},
  number={1},
  pages={61-65},
  year={2009},
}

@article{徐科2008基于线型激光的热轧带钢表面在线检测系统,
  title={基于线型激光的热轧带钢表面在线检测系统},
  author={徐科 and 周茂贵 and 徐金梧 and 杨朝霖 and 周鹏 and 高阳},
  journal={北京科技大学学报},
  volume={30},
  number={1},
  pages={000077-104},
  year={2008},
}

@phdthesis{孙学华2011海域无缝深度基准面的建立,
  title={海域无缝深度基准面的建立},
  author={孙学华},
  school={山东科技大学},
  year={2011},
}

@phdthesis{李伟2016热态高速线材表面缺陷检测系统研究与实现,
  title={热态高速线材表面缺陷检测系统研究与实现},
  author={李伟},
  school={西安交通大学},
  year={2016},
}

@article{让路1995用安装在火焰切割设备前的涡流探测器检验热连铸板坯的表面质量,
  title={用安装在火焰切割设备前的涡流探测器检验热连铸板坯的表面质量},
  author={让路 and 卢斌},
  journal={国外钢铁科技},
  number={1},
  pages={1-7},
  year={1995},
}

@article{宋凯2015钢管磁特性对涡流检测影响的研究进展,
  title={钢管磁特性对涡流检测影响的研究进展},
  author={宋凯 and 康宜华 and 张丽攀 and 彭旭钊},
  journal={材料工程},
  volume={43},
  number={11},
  pages={106-112},
  year={2015},
}

@article{王健2016基于图像分割的钢板表面缺陷识别,
  title={基于图像分割的钢板表面缺陷识别},
  author={王健 and 王玮},
  journal={北京交通大学学报},
  volume={40},
  number={2},
  pages={47-52},
  year={2016},
}

@article{刘思2011复杂背景下钢板表面缺陷检测的图像增强方法,
  title={复杂背景下钢板表面缺陷检测的图像增强方法},
  author={刘思 and 黄心汉},
  journal={华中科技大学学报(自然科学版)},
  volume={39},
  number={s2},
  pages={141-143},
  year={2011},
}

@article{周新星2012基于独立成分分析的表面缺陷特征提取与识别方法,
  title={基于独立成分分析的表面缺陷特征提取与识别方法},
  author={周新星 and 王典洪 and 孙林},
  journal={计算机辅助设计与图形学学报},
  volume={24},
  number={4},
  pages={506-513},
  year={2012},
}

@phdthesis{赵立明2010连铸热坯表面缺陷激光扫描成像三维量化检测方法,
  title={连铸热坯表面缺陷激光扫描成像三维量化检测方法},
  author={赵立明},
  school={重庆大学},
  year={2010},
}